<?xml version="1.0" encoding="UTF-8"?><collection xmlns="http://www.loc.gov/MARC21/slim"><record><leader>00573nam--2200205-i-4500</leader><controlfield tag="001">000003259</controlfield><controlfield tag="002">20161230</controlfield><controlfield tag="005">20161230201025</controlfield><controlfield tag="008">060222s1000------------r-----000-0-fre-d</controlfield><datafield ind1=" " ind2=" " tag="040"><subfield code="a">IFIN-HH</subfield></datafield><datafield ind1=" " ind2=" " tag="041"><subfield code="a">fre</subfield></datafield><datafield ind1=" " ind2=" " tag="080"><subfield code="a">546.432.02:539.16</subfield></datafield><datafield ind1="1" ind2=" " tag="100"><subfield code="a">Dupuy, Gaston</subfield></datafield><datafield ind1="1" ind2="0" tag="245"><subfield code="a">Radium, radioactivite, energie nucleaire</subfield><subfield code="c">Gaston dupuy</subfield></datafield><datafield ind1=" " ind2=" " tag="250"><subfield code="a">6-e Edition</subfield></datafield><datafield ind1=" " ind2=" " tag="260"><subfield code="a">Paris</subfield><subfield code="b">Presses Universitaires De France</subfield><subfield code="c">1956</subfield></datafield><datafield ind1=" " ind2=" " tag="300"><subfield code="a">126P</subfield></datafield><datafield ind1=" " ind2=" " tag="490"><subfield code="a">Que Sais-je? Le Point Des Connaissances Actuelles</subfield></datafield><datafield ind1=" " ind2=" " tag="852"><subfield code="a">12814</subfield><subfield code="c">539.16</subfield></datafield><datafield ind1=" " ind2=" " tag="CAT"><subfield code="a">Sys</subfield><subfield code="c">20120514</subfield><subfield code="h">144458</subfield></datafield></record></collection>